@inproceedings{hoshino2013cuda,
  title={{CUDA vs OpenACC: Performance case studies with kernel benchmarks and a memory-bound CFD application}},
  author={Hoshino, Tetsuya and Maruyama, Naoya and Matsuoka, Satoshi and Takaki, Ryoji},
  booktitle={2013 13th IEEE/ACM International Symposium on Cluster, Cloud, and Grid Computing},
  pages={136--143},
  year={2013},
  organization={IEEE}
}

@book{constantin1988navier,
  title={Navier-Stokes Equations},
  author={Constantin, Peter and Foias, Ciprian},
  year={1988},
  publisher={University of Chicago Press}
}

@mastersthesis{oliveira2020,
  author={Dalmo Paim de Oliveira},
  title={{Fluid Flow Through Porous Media With The One Domain Approach: A Simple Model For Grains Drying}},
  school={Universidade Federal do Pampa},
  address={Alegrete},
  pages={49},
  year={2020}
}

@book{chandra2001parallel,
  title={{Parallel programming in OpenMP}},
  author={Chandra, Rohit and Dagum, Leo and Kohr, David and Menon, Ramesh and Maydan, Dror and McDonald, Jeff},
  year={2001},
  publisher={Morgan kaufmann}
}

