% -*- coding: utf-8 -*-

@techreport{xenvsopenvz,
  title={{Performance Evaluation of Virtualization Technologies for Server Consolidation}},
  author={Padala, P. and Zhu, X. and Wang, Z. and Singhal, S. and Shin, K.G.},
  year={2007},
  institution={{Hewlett-Packard Development Company, L.P.}}
}

@techreport{youseff2006phs,
  title={{Paravirtualization for HPC Systems}},
  author={Youseff, L. and Wolski, R. and Gorda, B. and Krintz, C.},
  year={2006},
  institution={UCRL-TR-225347, Lawrence Livermore National Laboratory (LLNL), Livermore, CA}
}

@article{urschei2007amorvm,
    title={{Análise Multiparamétrica do Overhead de Rede em Máquinas Virtuais}},
    author={Urschei, Flávio and Pelegrini, J. P. and Lima e Silva, M. A. L. S. and Midorikawa, E. M. and Carvalho, T. C. C.},
    year={2007},
    journal={IV Workshop de Sistemas Operacionais (WSO'2007)}
}


@Manual{,
  title =        {},
  OPTkey =       {},
  OPTauthor =    {},
  OPTorganization = {},
  OPTaddress =   {},
  OPTedition =   {},
  OPTmonth =     {},
  OPTyear =      {},
  OPTnote =      {},
  OPTannote =    {}
}

@Manual{netperf,
  author =        {Rick Jones},
  title =         {{Netperf} Manual 2.4.3},
  organization =  {Hewlett-Packard},
  year =          {2007},
  note =          {Disponível em: http://www.netperf.org/netperf/. Acesso em: agosto de 2007}
}

@inproceedings{Xen,
  author = {Paul Barham and Boris Dragovic and Keir Fraser and Steven Hand and Tim Harris and Alex Ho and Rolf Neugebauer and Ian Pratt and Andrew Warfield},
  title = {Xen and the art of virtualization},
  booktitle = {Proc. 19th ACM Symposium on Operating Systems Principles (SOSP '03)},
  address = {Bolton Landing, USA},
  month = {Oct.},
  YEAR = {2003},                                              
  PUBLISHER = {ACM},                                          
  pages = {164-177},                                          
                                                              
}                       

@Article{Goldberg,
  author =   {Robert Goldberg},
  title =    {Survey of virtual machine research},
  journal =      {IEEE Computer},
  year =     {1974},
  volume =   {7},                                             
  number =   {6},                                             
  pages =    {34--45}                                         
}  


@Misc{vmware,
  author =        {{WMware Inc.}},
  title =         {Página da empresa {VMware Inc.}},
  year =          {2007},
  note =          {Disponível em: http://www.vmware.com. Acesso em: agosto de 2007}
}

@Misc{openvz,
  author =        {{SWsoft}},
  title =         {{Server Virtualization Open Source Project}},
  year =          {2007},
  note =          {Disponível em: http://openvz.org/. Acesso em: agosto de 2007}
}

@article{menon2006onv,
  title={{Optimizing Network Virtualization in Xen}},
  author={Menon, A. and Cox, A.L. and Zwaenepoel, W.},
  journal={Proc. USENIX Annual Technical Conference (USENIX 2006)},
  pages={15--28},
  year={2006}
}
