@Article{mpi,
author =       "William Gropp and Ewing Lusk and Nathan Doss and Anthony Skjellum",
title =        "{High-Performance, {P}ortable {I}mplementation of the {MPI} {M}essage {P}assing {I}nterface {S}tandard}",
journal =      "Parallel Computing",
volume =       "22",
number =       "6",
pages =        "789--828",
day =          "20",
month =        sep,
year =         "1996",
coden = "PACOEJ",
ISSN = "0167-8191",
bibdate =      "Fri Aug 6 10:15:01 MDT 1999",
}


@Misc{wiki,
  author =        {Wikip\'{e}dia},
  title =         {Jogo da Vida},
  year =          {2007},
  note =          {Dispon\'{i}vel em: http://pt.wikipedia.org/wiki/Jogo\_da\_vida. Acesso em: julho de 2007}
}

@Manual{wilk,
  author =        {Barry Wilkinson and Michael Allen},
  title =         {Parallel Programming},
  organization =  {Pearson Prentice Hall},
  year =          {2005},
}

@Manual{foster,
  author =        {Ian Foster},
  title =         {Designing and Building Parallel Programs},
  organization =  {Addison-Wesley Inc},
  year =          {1995}
}


