@Book{redes17,
 author     = {Jose Wagner Bungart},
 title      = {Redes de computadores: Fundamentos e protocolos},
 publisher  = {SENAI-SP Editora},
 year       = {2017},
 edition    = {1th}
}

@misc{gartner,
 author         = {Gartner},
 title          = {{Gartner Says I\&O Skills Gaps Will Cause 75 Percent of Organizations to Experience Visible Business Disruptions by 2020}},
 howpublished   = "Disponível em: \url{https://www.gartner.com/en/newsroom/press-releases/2018-03-27-gartner-says-iando-skills-gaps-will-cause-75-percent-of-organizations-to-experience-visible-business-disruptions-by-2020}",
 year           = {2018},
 urlaccessdate  = {05 jul. 2019},
 note           = {Acesso em: 05 jul. 2019}
}

@misc{cisco:19,
 author         = {CISCO},
 title          = {Estudos de caso da Cisco},
 howpublished   = "Disponível em: \url{https://www.cisco.com/c/pt_br/solutions/case-studies.html}",
 year           = {2019},
 organization   = {CISCO},
 urlaccessdate  = {28 jun. 2019},
 note           = {Acesso em: 28 jun. 2019}
}

@Book{brito:14,
 author     = {Samuel Henrique Bucke Brito},
 title      = {Laboratórios de Tecnologias Cisco em Infraestrutura de Redes},
 publisher  = {Novatec},
 year       = {2014},
 edition    = {2th}
}

@misc{brainwork,
 author         = {André Ortega},
 title          = {Blog Brainworg},
 howpublished   = "Disponível em: \url{http://brainwork.com.br/}",
 year           = {2017},
 urlaccessdate  = {03 jul. 2019},
 note           = {Acesso em: 03 jul. 2019}
}

@misc{labcisco,
 author         = {Samuel Henrique Bucke Brito},
 title          = {Blog LabCisco},
 howpublished   = "Disponível em: \url{http://labcisco.blogspot.com/}",
 year           = {2018},
 urlaccessdate  = {06 jul. 2019},
 note           = {Acesso em: 06 jul. 2019}
}

@misc{dltec,
 author         = {DLTec},
 title          = {DLTec do Brasil - Blog},
 howpublished   = "Disponível em: \url{http://www.dltec.com.br/blog/}",
 year           = {2019},
 urlaccessdate  = {03 jul. 2019},
 note           = {Acesso em: 03 jul. 2019}
}

@misc{netacad:19,
 author         = {CISCO},
 title          = {Cisco Networking Academy},
 howpublished   = "Disponível em: \url{https://www.netacad.com/}",
 year           = {2019},
 organization   = {CISCO},
 urlaccessdate  = {02 jul. 2019},
 note           = {Acesso em: 02 jul. 2019}
}

@InCollection{boulic:91,
  author = 	 {R. Boulic and O. Renault},
  title = 	 {3D Hierarchies for Animation},
  booktitle = 	 {New Trends in Animation and Visualization},
  publisher =    {John Wiley {\&} Sons ltd.},
  year = 	 {1991},
  editor = 	 {Nadia Magnenat-Thalmann and Daniel Thalmann}
}

@InCollection{smith:99,
  author = 	 {A. Smith and B. Jones},
  title = 	 {On the Complexity of Computing},
  booktitle = 	 {Advances in Computer Science},
  pages = 	 {555--566},
  publisher =    {Publishing Press},
  year = 	 {1999},
  editor = 	 {A. B. Smith-Jones}
}