@article{the_road_to_sdn_14,
 title      = {The Road to SDN: An Intellectual History of Programmable Networks},
 author     = {Feamster, Nick and Rexford, Jennifer and Zegura, Ellen},
 publisher  = {Association for Computing Machinery},
 address    = {New York, NY, USA},
 year       = {2014},
 month      = {04},
 volume     = {44},
 number     = {2},
 issn       = {0146-4833},
 doi        = {10.1145/2602204.2602219},
 pages      = {87–98},
 numpages   = {12},
 keywords   = {software defined networking, programmable networking, network virtualization},
 url        = {https://doi.org/10.1145/2602204.2602219}
}

@article{arquitetura_programavel_18,
 title      = {Uma arquitetura de rede programável para redes orientadas à informação com replicação de conteúdo em nuvens privadas},
 author     = {Nascimento, Erick Barros},
 year       = {2018},
 school     = {Programa de Pós-Graduação em Ciência da Computação, Universidade Federal de Sergipe},
 address    = {São Cristóvão, SE}
}

@inproceedings{revolucao_redes_p4_18,
 author     = {Feferman, Daniel Lazkani  and Mejia, Juan Sebastian  and Saraiva, Nathan Franklin  and Rothenberg, Christian Esteve  },
 title      = {Uma Nova Revolucao em Redes: Programacao do Plano de Dados com P4},
 booktitle  = {Escola Regional de Informátiva do Piauí (ERIPI), Teresina, Brazil},
 year       = {2018},
 month      = {8},
 url        = {https://intrig.dca.fee.unicamp.br/wp-content/papercite-data/pdf/feferman2018nova.pdf} 
}

@article{sdn_survey_15,
 author     = {Kreutz, Diego and Ramos, Fernando M. V. and Veríssimo, Paulo Esteves and Rothenberg, Christian Esteve and Azodolmolky, Siamak and Uhlig, Steve},
 title      = {Software-Defined Networking: A Comprehensive Survey}, 
 journal    = {Proceedings of the IEEE}, 
 year       = {2015},
 volume     = {103},
 number     = {1},
 pages      = {14-76},
 doi        = {10.1109/JPROC.2014.2371999}
}

@misc{rfc7426_15,
 author     = {Haleplidis, E. and Pentikousis, K. and Denazis, S. and Salim, J. H. and Meyer, D. and Koufopavlou, O.},
 title      = {Software-Defined Networking (SDN) Layers and Architecture Terminology},
 year       = {2015},
 month      = {01},
 publisher  = {Internet Research Task Force (IRTF)},
 url        = {https://www.rfc-editor.org/rfc/pdfrfc/rfc7426.txt.pdf}
 }


 @article{p4_14,
 title      = {P4: Programming Protocol-Independent Packet Processors},
 author     = {Bosshart, Pat and Daly, Dan and Gibb, Glen and Izzard, Martin and McKeown, Nick and Rexford, Jennifer and Schlesinger, Cole and Talayco, Dan and Vahdat, Amin and Varghese, George and Walker, David},
 publisher  = {Association for Computing Machinery},
 year       = {2014},
 month      = {07},
 address    = {New York, NY, USA},
 volume     = {44},
 number     = {3},
 issn       = {0146-4833},
 url        = {https://doi.org/10.1145/2656877.2656890},
 doi        = {10.1145/2656877.2656890},
 pages      = {87–95},
 numpages   = {9},
 keywords   = {p4, reconfigurability, sdn, protocol-independent}
}


@article{intro_snic_19,  
 title      = {Introducing SmartNICs in Server-Based Data Plane Processing: The DDoS Mitigation Use Case},   
 author     = {Miano, Sebastiano and Doriguzzi-Corin, Roberto and Risso, Fulvio and Siracusa, Domenico and Sommese, Raffaele},  
 journal    = {IEEE Access},   
 year       = {2019},  
 volume     = {7},  
 pages      = {107161-107170},  
 doi        = {10.1109/ACCESS.2019.2933491},
 url        = {https://ieeexplore.ieee.org/ielx7/6287639/8600701/08789414.pdf}
}


@misc{nfp4000_16,  
 author   = {Netronome Systems, Inc},  
 title    = {{NFP-4000 Theory of Operation}},   
 journal  = {Internet},   
 year     = {2016},  
 note     = {Disponível em: \url{https://bit.ly/wpNfp4000}}
}

@misc{nfp4000_20,  
 author   = {Netronome Systems, Inc},  
 title    = {{Netronome NFP-4000 Flow Processor}},   
 journal  = {Internet},   
 year     = {2020},  
 note     = {Disponível em: \url{https://bit.ly/pbNfp4000}}
}

@inproceedings{daiet_17,
 author     = {Sapio, Amedeo and Abdelaziz, Ibrahim and Aldilaijan, Abdulla and Canini, Marco and Kalnis, Panos},
 title      = {In-Network Computation is a Dumb Idea Whose Time Has Come},
 year       = {2017},
 isbn       = {9781450355698},
 publisher  = {Association for Computing Machinery},
 address    = {New York, NY, USA},
 url        = {https://doi.org/10.1145/3152434.3152461},
 doi        = {10.1145/3152434.3152461},
 pages      = {150–156},
 numpages   = {7},
 location   = {Palo Alto, CA, USA},
 series     = {HotNets-XVI}
}

@inproceedings{clara_20,
 author     = {Qiu, Yiming and Kang, Qiao and Liu, Ming and Chen, Ang},
 title      = {Clara: Performance Clarity for SmartNIC Offloading},
 year       = {2020},
 isbn       = {9781450381451},
 publisher  = {Association for Computing Machinery},
 address    = {New York, NY, USA},
 url        = {https://doi.org/10.1145/3422604.3425929},
 doi        = {10.1145/3422604.3425929},
 pages      = {16–22},
 numpages   = {7},
 keywords   = {network functions, performance prediction, smartnics},
 location   = {Virtual Event, USA},
 series     = {HotNets '20}
}

@inproceedings{harkous_19,  
 author     = {Harkous, Hasanin and Jarschel, Michael and He, Mu and Priest, Rastin and Kellerer, Wolfgang}, 
 booktitle  = {2019 ACM/IEEE Symposium on Architectures for Networking and Communications Systems (ANCS)},
 title      = {Towards Understanding the Performance of P4 Programmable Hardware},   
 year       = {2019},
 pages      = {1-6},  
 doi        = {10.1109/ANCS.2019.8901881}}


@inproceedings{pablo_21,
 author = {Viegas, Pablo B. and de Castro, Ariel G. and Lorenzon, Arthur F. and Rossi, F{\'a}bio D. and Luizelli, Marcelo C.}, 
 editor = {Barolli, Leonard
and Woungang, Isaac
and Enokido, Tomoya},
 title = {The Actual Cost of Programmable SmartNICs: Diving into the Existing Limits},
 booktitle = {Advanced Information Networking and Applications},
 year = {2021},
 publisher = {Springer International Publishing},
 address = {Cham},
 pages = {181--194},
 isbn = {978-3-030-75100-5}
}

@article{mg_14,
 author     = {Emmerich, Paul and Wohlfart, Florian and Raumer, Daniel and Carle, Georg},
 year       = {2014},
 month      = {10},
 title      = {MoonGen: A Scriptable High-Speed Packet Generator},
 doi        = {10.1145/2815675.2815692}
}