% -*- coding: utf-8 -*-
%%%%%%%%%%% INTRODUÇÃO %%%%%%%%%%%%%%
@Misc{vmware,
  author    = {{WMware Inc.}},
  title	    = {Página da empresa {VMware Inc.}},
  year	    = {2007},
  note	    = {Disponível em: http://www.vmware.com. Acesso em: agosto de 2007}
}

@Misc{openvz,
  author    = {{SWsoft}},
  title	    = {{Server Virtualization Open Source Project}},
  year	    = {2007},
  note	    = {Disponível em: http://openvz.org/. Acesso em: agosto de 2007}
}

@Misc{xen,
  author    = {{Xensource}},
  title	    = {{Xen Hypervisor}},
  year	    = {2008},
  note	    = {Disponível em: http://www.xen.org/. Acesso em: junho de 2008}
}

@Misc{kvmwiki,
  author    = {Qumranet},
  title	    = {Kernel Based Virtual Machine},
  year	    = {2008},
  note	    = {Disponível em: http://kvm.qumranet.com/kvmwiki. Acesso em: junho de 2008}
}

@Misc{kvm,
  author    = {{LinuxInsight}},
  title	    = {Finally user-friendly virtualization for Linux},
  year	    = {2008},
  note	    = {Disponível em: http://www.linuxinsight.com/finally-user-friendly-virtualization-for-linux.html. Acesso em: junho de 2008}
}

@article{urschei07,
    title   = {{Análise Multiparamétrica do Overhead de Rede em Máquinas Virtuais}},
    author  = {Urschei, Flávio and Pelegrini, J. P. and Lima e Silva, M. A. L. S. and Midorikawa, E. M. and Carvalho, T. C. C.},
    year    = {2007},
    journal = {IV Workshop de Sistemas Operacionais (WSO'2007)}
}

@techreport{xenopenvz,
  title		= {{Performance Evaluation of Virtualization Technologies for Server Consolidation}},
  author	= {Padala, P. and Zhu, X. and Wang, Z. and Singhal, S. and Shin, K.G.},
  year		= {2007},
  institution	= {{Hewlett-Packard Development Company, L.P.}}
}

@article{errc2006,
  title	    = {{Uso de Virtualização de Recursos Computacionais da Administração de Redes}},
  author    = {Koslovski, Guilherme Piegas and Boufleur,Márcio Parise and Charão, Andrea Schwertner},
  year	    = {2006},
  journal   = {IV Escola Regional de Redes de Comutadores, Passo Fundo, RS}
}

@article{cappello,
  title	    = {{Scalability Comparison of Four Host Virtualization Tools}},
  author    = {Quétier, Benjamin and Neri, Vincent and Cappello, Franck}
  journal   = {	Journal of Grid Computing},
  year	    = {2007},
  volume    = {5},
  number    = {1},
  pages	    = {83--98}
}

@article{errc2007,
  title	    = {{Ánalise de Desemepenho da Virtualização de Rede nos Sistemas Xen e OpenVZ}},
  author    = {Schimidt, Adler Hopff and Boufleur, Márcio Parise and Santos, Ronaldo Canofre M. dos and Charão, Andréa Schwertner},
  year	    = {2007},
  journal   = {V Escola Regional de Redes de Comutadores, Santa Maria, RS}
}

@article{menon2006onv,
  title={{Optimizing Network Virtualization in Xen}},
  author={Menon, A. and Cox, A.L. and Zwaenepoel, W.},
  journal={Proc. USENIX Annual Technical Conference (USENIX 2006)},
  pages={15--28},
  year={2006}
}

%%%%%%%%%%%%%%%%%%%%%%%%%%%%%% Tecnologias de Virtualização %%%%%%%%%%%%%%%%%%%%%%%%
@Article{goldberg,
  author    = {Robert Goldberg},
  title	    = {Survey of virtual machine research},
  journal   = {IEEE Computer},
  year	    = {1974},
  volume    = {7},                                             
  number    = {6},                                             
  pages	    = {34--45}                                         
}  

@techreport{tg-arthur,
    author          = "Arthur Bispo de Castro",
    title           = "Máquinas Virtuais em ambiente seguros",
    institution     = "Monografia (Dissertação de Mestrado) --- Instituto de Computação, Universidade Estadual de Campinas",
    address         = "Campinas",
    year            = "2006"
}

@Book{mve,
  author    = {Marcos Laureano},
  title	    = {Máquinas Virtuais e Emuladores},
  publisher = {Novatec},
  address   = {São Paulo},
  year	    = {2006}
}

@Misc{vbox,
  author    = {{Sun Microsistems, Inc.}},
  title	    = {{Virtual Box}},
  year	    = {2008},
  note	    = {Disponível em: http://www.virtualbox.org/. Acesso em: junho de 2008}
}

@techreport{youseff2006phs,
  title		= {{Paravirtualization for HPC Systems}},
  author	= {Youseff, L. and Wolski, R. and Gorda, B. and Krintz, C.},
  year		= {2006},
  institution	= {UCRL-TR-225347, Lawrence Livermore National Laboratory (LLNL), Livermore, CA}
}

@inproceedings{barham,
  author    = {Paul Barham and Boris Dragovic and Keir Fraser and Steven Hand and Tim Harris and Alex Ho and Rolf Neugebauer and Ian Pratt and Andrew Warfield},
  title	    = {Xen and the art of virtualization},
  booktitle = {Proc. 19th ACM Symposium on Operating Systems Principles (SOSP '03)},
  address   = {Bolton Landing, USA},
  month	    = {Oct.},
  YEAR	    = {2003},                                              
  PUBLISHER = {ACM},                                          
  pages	    = {164-177},                                          
                                                              
}                       

@Misc{xenbr,
  author    = {{Xen-BR}},
  title     = {{Esclarecimentos dos benchmarks da Vmware e da Xensource}},
  year      = {2007},
  note      = {Disponível em: http://wiki.xen-br.org/index.php?title=Vmware-xen. Acesso em: agosto de 2007}
}

@Misc{intel,
  author    = {{Intel Corporation}},
  title	    = {{Intel}},
  year	    = {2008},
  note	    = {Disponível em: http://www.intel.com /. Acesso em: junho de 2008}
}

@techreport{tg-gilberto,
    author          = "Gilberto Aves da Silva Junior",
    title           = "Criação de Sistemas em Tempo Real em Ambientes Virtualizados",
    institution     = "Monografia (Trabalho de Graduação) --- Curso de Ciência da Computação, Universidade Federal de Pernambuco",
    address         = "Recife",
    year            = "2005"
}

@Misc{comparacao,
  author    = {Xen Source},
  title	    = {A Performance Comparasion of Commercial Hipervisors},
  year	    = {2007},
  note	    = {Disponível em: http://www.xensource.com/Document/hypevisor\_performance \_comparison\_1\_0\_5\_with\_esx-data.pdf. Acesso em: junho de 2008}
}  

@Book{xenhpv,
  author    = {Daivd Chisnall},
  title	    = {The Definitive Guide to the Xen Hypervisor},
  publisher = {Prentice Hall},
  address   = {Boston},
  year	    = {2007}
}

@Misc{arqxen,
  author    = {Xen.org},
  title	    = {Xen Architecture Overview},
  year	    = {2008},
  note	    = {Disponível em: http://xen.org/xen/documentation.html. Acesso em: junho de 2008}
}

%%%%%%%%%%%%%%%%%%%%%%%%%%%%% ANALISE COMPARATIVA %%%%%%%%%%%%%%%%%%%%%%%
@Manual{netperf,
  author =        {Rick Jones},
  title =         {{Netperf} Manual 2.4.3},
  organization =  {Hewlett-Packard},
  year =          {2007},
  note =          {Disponível em: http://www.netperf.org/netperf/. Acesso em: agosto de 2007}
}

@Misc{stream,
  author    = {John D. McCalpin},
  title	    = {STREAM},
  year	    = {1996},
  note	    = {Disponível em:http://www.cs.virginia.edu/stream/. Acesso em: junho de 2008}
}


%%%%%%%%%%%%%%%%%%%%% CONCLUSÃO 



%%%%%%%%%%%%%%%%%%%


@Manual{,
  title =        {},
  OPTkey =       {},
  OPTauthor =    {},
  OPTorganization = {},
  OPTaddress =   {},
  OPTedition =   {},
  OPTmonth =     {},
  OPTyear =      {},
  OPTnote =      {},
  OPTannote =    {}
}


